


@article{ulk, 
    author = "Daniel P. Bovet / Marco Cesati ",  
    title = "Understanding the Linux Kernel, Third Edition", 
	public ="O'Reilly Media",
    volume = "10",  
    pages = "944",  
    year = "2005-11",
    isbn = "9780596005658"
} 








@article{MartinDSP00, 
    author = "A. Martin and M. Przybocki",  
    title = "The {NIST} 1999 speaker recognition evaluation --- an overview", 
	url ="https://linux-mm.org/PageTableStructure",
    journal = "Digital Signal Processing",  
    volume = "10",  
    pages = "1--18",  
    year = "2000",
} 
   
@misc{linuxmm,
howpublished = {\url{http://linux-mm.org/PageTableStructure}}
}

@misc{duartes,
howpublished = {\url{http://duartes.org/gustavo/blog/post/how-the-kernel-manages-your-memory/}}
}


