@article{MartinDSP00, 
    author = "A. Martin and M. Przybocki",  
    title = "The {NIST} 1999 speaker recognition evaluation --- an overview", 
	url ="https://linux-mm.org/PageTableStructure",
    journal = "Digital Signal Processing",  
    volume = "10",  
    pages = "1--18",  
    year = "2000",} 
   
@misc{linuxmm,
howpublished = {\url{http://linux-mm.org/PageTableStructure}}
}