%% LaTeX2e file `Z-World.bib'
%% generated by the `filecontents' environment
%% from source `Z-World' on 2016/09/10.
%%
@article{Brune1996,
    Author = {Brune, M  and Hagley, E and Dreyer, J and Maître, X and  Maali, A and Wunderlich, C and Raimond,J.M. and Haroche,S },
    Title = {Observing the Progressive Decoherence of the “Meter” in a Quantum Measurement},
    Year = {1996},
    Journal = {Phys. Rev. Lett.},
    volume = {77},
    pages = {4887},
    doi = {10.1103/PhysRevLett.77.4887}}
